@book{DwyerTim2016Cmap,
    series = {Palgrave global media policy and business},
    isbn = {9781137306869},
    year = {2016},
    title = {Convergent media and privacy},
    language = {eng},
    author = {Dwyer, Tim},
    publisher = {Palgrave Macmillan},
    keywords = {86.78 information and communication law.; P95.8; P95.8 .D89 2016; Mass media policy; Mass media -- Social aspects; Mass media -- Law and legislation; Mass media -- Moral and ethical aspects},
    lccn = {2015021868},
}

@article{thusoo2009hive,
  title={Hive: a warehousing solution over a map-reduce framework},
  author={Thusoo, Ashish and Sarma, Joydeep Sen and Jain, Namit and Shao, Zheng and Chakka, Prasad and Anthony, Suresh and Liu, Hao and Wyckoff, Pete and Murthy, Raghotham},
  journal={Proceedings of the VLDB Endowment},
  volume={2},
  number={2},
  pages={1626--1629},
  year={2009},
  publisher={VLDB Endowment}
}

@inproceedings{ds,
    author = {Zaharia, Matei and Borthakur, Dhruba and Sen Sarma, Joydeep and Elmeleegy, Khaled and Shenker, Scott and Stoica, Ion},
    title = {Delay Scheduling: A Simple Technique for Achieving Locality and Fairness in Cluster Scheduling},
    year = {2010},
    isbn = {9781605585772},
    publisher = {Association for Computing Machinery},
    address = {New York, NY, USA},
    url = {https://doi.org/10.1145/1755913.1755940},
    doi = {10.1145/1755913.1755940},
    booktitle = {Proceedings of the 5th European Conference on Computer Systems},
    pages = {265â€“278},
    numpages = {14},
    keywords = {cluster computing, mapreduce, fair sharing, scheduling},
    location = {Paris, France},
    series = {EuroSys '10}
}

@misc{shao_2009,
    title={Hive performance benchmarks (https://issues.apache.org/jira/browse/HIVE-396)},
    url={https://issues.apache.org/jira/browse/HIVE-396},
    journal={[HIVE-396] Hive performance benchmarks - ASF JIRA},
    author={Shao, Zheng},
    year={2009},
    month={Apr}
}

@article{borthakur2007hadoop,
  title={The hadoop distributed file system: Architecture and design},
  author={Borthakur, Dhruba},
  journal={Hadoop Project Website},
  volume={11},
  number={2007},
  pages={21},
  year={2007}
}
